@techreport{Andersen2018,
	author = {Andersen, Rasmus Skovgaard},
	institution = {Aalborg University, May 2018},
	pages = {1--12},
	title = {{Kinematics of a UR5}},
	url = {http://rasmusan.blog.aau.dk/files/ur5_kinematics.pdf},
	year = {2018}
}
